@article{mathias2011automatic,
  title={Automatic architectural style recognition},
  author={Mathias, Markus and Martinovic, Andelo and Weissenberg, J and Haegler, S and Van Gool, Luc},
  journal={ISPRS-International Archives of the Photogrammetry, Remote Sensing and Spatial Information Sciences},
  year={2011}
}


@inproceedings{wang2011end,
  title={End-to-end scene text recognition},
  author={Wang, K. and Babenko, B. and Belongie, S.},
  booktitle={ICCV},
  year={2011}
}



@inproceedings{weyand2011discovering,
  title={Discovering favorite views of popular places with iconoid shift},
  author={Weyand, T. and Leibe, B.},
  booktitle={Computer Vision (ICCV), 2011 IEEE International Conference on},
  pages={1132--1139},
  year={2011},
  organization={IEEE}
}

@article{doersch2012what,
  title = {What Makes Paris Look like Paris?},
  author = {Carl Doersch and Saurabh Singh and Abhinav Gupta and Josef Sivic and Alexei A. Efros},
  journal = {ACM Transactions on Graphics (SIGGRAPH)},
  volume = {31},
  number = {4},
  year = {2012},
}

@article{audit2011,
      author = {Rundle, Andrew G. and Bader, Michael D. M. and Richards, Catherine A. and Neckerman, Kathryn M. and Teitler, Julien O.},
    journal = {American Journal of Preventive Medicine},
    title = {{Using Google Street View to Audit Neighborhood Environments}},
    year = {2011}
}

@inproceedings{zamir2011street,
  title={Street view challenge: Identification of commercial entities in street view imagery},
  author={Zamir, A.R. and Darino, A. and Shah, M.},
  booktitle={Machine Learning and Applications and Workshops (ICMLA), 2011 10th International Conference on},
  volume={2},
  pages={380--383},
  year={2011},
  organization={IEEE}
}

@inproceedings{murillo2009experiments,
  title={Experiments in place recognition using gist panoramas},
  author={Murillo, A.C. and Kosecka, J.},
  booktitle={Computer Vision Workshops (ICCV Workshops)},
  year={2009},
  organization={IEEE}
}


@inproceedings{gronat11,
  title={Building Streetview Datasets for Place Recognition and City Reconstruction},
  author={Petr Gronat, Michal Havlena, Josef Sivic, T. Pajdla},
  booktitle={Technical Report},
  year={2011},
  url={ftp://cmp.felk.cvut.cz/pub/cvl/articles/gronat/Gronat-TR-2011-16.pdf},
}

@InProceedings{SBS07,
  author =   {G. Schindler and M. Brown and R. Szeliski},
  title =    {City-Scale Location Recognition},
  booktitle = {CVPR 2007}
}

@inproceedings{li2009landmark,
  title={Landmark classification in large-scale image collections},
  author={Li, Y. and Crandall, D.J. and Huttenlocher, D.P.},
  booktitle={ICCV},
  year={2009}
}

@article{knopp2010avoiding,
  title={Avoiding confusing features in place recognition},
  author={Knopp, J. and Sivic, J. and Pajdla, T.},
  journal={Computer Vision--ECCV 2010},
  pages={748--761},
  year={2010},
  publisher={Springer}
}