@inproceedings{Havlena09,
        AUTHOR = "Havlena, M. and Torii, A. and Knopp, J. and Pajdla, T.",
        TITLE = "Randomized Structure from Motion Based on Atomic {3D} Models from Camera Triplets",
        BOOKTITLE = cvpr,
        YEAR = "2009",
        PAGES = "2874-2881"
}

@InProceedings{Knopp10,
  author = "Knopp, J. and Sivic, J. and Pajdla, T.",
  title = "Avoidng confusing features in place recognition",
  booktitle = eccv,
  year = {2010},
}

@inproceedings{Torii13,
	author = {Torii, A. and Sivic, J. and Pajdla, T. and Okutomi, M.},
	title = {Visual Place Recognition with Repetitive Structures},
	booktitle = cvpr,
	year = {2013},
}

@InProceedings{Torii11,
   author = "Torii, A. and Sivic, J. and Pajdla, T.",
   title = "Visual localization by linear combination of image descriptors",
   booktitle = "Proceedings of the 2nd IEEE Workshop on Mobile Vision, with ICCV 2011",
   year = "2011",
}


@inproceedings{Zamir11,
  title={Street view challenge: Identification of commercial entities in street view imagery},
  author={Zamir, A.R. and Darino, A. and Shah, M.},
  booktitle={Machine Learning and Applications and Workshops (ICMLA), 2011 10th International Conference on},
  volume={2},
  pages={380--383},
  year={2011},
  organization={IEEE}
}

@article{Doersch12,
  title = {What Makes Paris Look like Paris?},
  author = {Carl Doersch and Saurabh Singh and Abhinav Gupta and Josef Sivic and Alexei A. Efros},
  journal = siggraph,
  volume = {31},
  number = {4},
  year = {2012},
}

@InProceedings{Gronat13,
  author = "Gronat, P. and Obozinski, G. and Sivic, J. and Pajdla, T.",
  title = "Learning and calibrating per-location classifiers for visual place recognition",
  booktitle = cvpr,
  year = 2013
}

@inproceedings{Gronat11,
  title={Building Streetview Datasets for Place Recognition and City Reconstruction},
  author={Gronat, P. and Havlena, M and Sivic, J. and Pajdla, T.},
  booktitle={Technical Report},
  year={2011},
  url={ftp://cmp.felk.cvut.cz/pub/cvl/articles/gronat/Gronat-TR-2011-16.pdf},
}

@article{mathias11,
  title={Automatic architectural style recognition},
  author={Mathias, Markus and Martinovic, Andelo and Weissenberg, J and Haegler, S and Van Gool, Luc},
  journal={ISPRS-International Archives of the Photogrammetry, Remote Sensing and Spatial Information Sciences},
  year={2011}
}


@InProceedings{Sivic03,
   author = "Sivic, J. and Zisserman, A.",
   title = "{Video Google}: {A} Text Retrieval Approach to
   Object Matching in Videos",
   booktitle = "Proceedings of the International Conference on Computer Vision",
   month = oct,
   volume = "2",
   pages = "1470--1477",
   year = "2003",
   URL = "http://www.robots.ox.ac.uk/~vgg",
}

@InProceedings{Csurka04,
  author       = "Csurka, G. and Bray, C. and Dance, C. and Fan, L.",
  title        = "Visual categorization with bags of keypoints",
  pages        = "1--22",
  booktitle    = "Workshop on Statistical Learning in Computer Vision,
                 ECCV",
  year         = "2004",
}

@misc{vedaldi08vlfeat,
Author = {A. Vedaldi and B. Fulkerson},
Title = {VLFeat: An Open and Portable Library of Computer Vision Algorithms},
Year  = {2008},
Howpublished =  {\url{http://www.vlfeat.org/}}
}

@Article{liblinear,
author = 	 {Rong-En Fan and Kai-Wei Chang and Cho-Jui Hsieh and Xiang-Rui Wang and Chih-Jen Lin},
title = 	 {{LIBLINEAR}: A Library for Large Linear Classification},
journal = 	 {Journal of Machine Learning Research},
year = 	 {2008},
volume =	 {9},
pages =	 {1871--1874}
}